<?xml version="1.0" encoding="UTF-8"?><collection xmlns="http://www.loc.gov/MARC21/slim"><record><leader>00463nam--2200133-i-4500</leader><controlfield tag="001">000038504</controlfield><controlfield tag="002">20161230</controlfield><controlfield tag="005">20161230201041</controlfield><controlfield tag="008">060222s1000------------r-----000-0-eng-d</controlfield><datafield ind1=" " ind2=" " tag="080"><subfield code="a">539.125.523.43(047.1):681.3.06(047.1)</subfield></datafield><datafield ind1=" " ind2=" " tag="100"><subfield code="a">Reed,Wm.H</subfield></datafield><datafield ind1=" " ind2=" " tag="245"><subfield code="a">Timex: a time-dependent explicit discrete ordinates program for the solution of multigroup transport equations</subfield></datafield><datafield ind1=" " ind2=" " tag="260"><subfield code="a">Los Alamos, New Mexico, Los Alamos Scientific Laboratory, 1972. 48 P</subfield></datafield><datafield ind1=" " ind2=" " tag="852"><subfield code="a">42232</subfield></datafield></record></collection>